@inproceedings{sarraute2015descubriendo,
	year = 2015,
	month = {Aug},
	author = {Carlos Sarraute and Carolina Lang and Juan de Monasterio and Diego Weinberg},
	title = {Descubriendo {{C}}hagas con Big Data},
	booktitle = {XVII Simposio Internacional sobre Enfermedades Desatendidas},
 	location = {Buenos Aires, Argentina},
},
	

@inproceedings{deMonasterio2016analyzing,
	doi = {10.1109/asonam.2016.7752298},
	url = {https://doi.org/10.1109%2Fasonam.2016.7752298},
	year = 2016,
	month = {aug},
	publisher = {{IEEE}},
	author = {Juan de Monasterio and Alejo Salles and Carolina Lang and Diego Weinberg and Martin Minnoni and Matias Travizano and Carlos Sarraute},
	title = {Analyzing the spread of {{C}}hagas disease with mobile phone data},
	booktitle = {2016 {IEEE}/{ACM} International Conference on Advances in Social Networks Analysis and Mining ({ASONAM})}},
	

% machine learning citations

@book{hastie-elemstatslearn,
  added-at = {2009-12-09T12:44:18.000+0100},
  author = {Hastie, T. and Tibshirani, R. and Friedman, J.},
  interhash = {39bdf0a76d889fa39deb5d1ac793ff4e},
  intrahash = {0cd6d6683b38e7b5a15ee550266b5b9c},
  keywords = {ml statistics},
  publisher = {Springer New York Inc.},
  series = {Springer Series in Statistics},
  timestamp = {2008-08-16T16:17:43.000+0200},
  title = {The Elements of Statistical Learning},
  year = 2009
}

@book{bishop-patternRecognition,
 author = {Bishop, Christopher M.},
 title = {Pattern Recognition and Machine Learning (Information Science and Statistics)},
 year = {2006},
 isbn = {0387310738},
 publisher = {Springer-Verlag New York, Inc.},
 address = {Secaucus, NJ, USA},
}

@Inproceedings { rasmussenGhahramani2001occamsRazor,
   title = {Occam's Razor},
   year = {2001},
   month = {4},
   pages = {294-300},
   abstract = {The Bayesian paradigm apparently only sometimes gives rise to Occam's Razor; at other times very large models perform well. We give simple examples of both kinds of behaviour. The two views are reconciled when measuring complexity of functions, rather than of the machinery used to implement them. We analyze the complexity of functions for some linear in the parameter models that are equivalent to Gaussian Processes, and always find Occam's Razor at work.},
   url = {http://www.kyb.tuebingen.mpg.de/fileadmin/user_upload/files/publications/pdf2215.pdf},
   web_url = {http://books.nips.cc/nips13.html},
   editor = {Leen, T.K. , T.G. Dietterich, V. Tresp},
   publisher = {MIT Press},
   address = {Cambridge, MA, USA},
   booktitle = {Advances in Neural Information Processing Systems 13},
   institute = {Biologische Kybernetik},
   organization = {Max-Planck-Gesellschaft},
   event_place = {Denver, CO, USA},
   event_name = {Fourteenth Annual Neural Information Processing Systems Conference (NIPS 2000)},
   ISBN = {0-262-12241-3},
   author = {Rasmussen, CE and Ghahramani, Z}
}


@InProceedings{ McKinney-pandas,
  author    = { Wes McKinney },
  title     = { Data Structures for Statistical Computing in Python },
  booktitle = { Proceedings of the 9th Python in Science Conference },
  pages     = { 51 - 56 },
  year      = { 2010 },
  editor    = { Stefan van der Walt and Jarrod Millman }
}

@article{graphlab,
 author = {Low, Yucheng and Bickson, Danny and Gonzalez, Joseph and Guestrin, Carlos and Kyrola, Aapo and Hellerstein, Joseph M.},
 title = {Distributed GraphLab: A Framework for Machine Learning and Data Mining in the Cloud},
 journal = {Proc. VLDB Endow.},
 issue_date = {April 2012},
 volume = {5},
 number = {8},
 month = apr,
 year = {2012},
 issn = {2150-8097},
 pages = {716--727},
 numpages = {12},
 url = {http://dx.doi.org/10.14778/2212351.2212354},
 doi = {10.14778/2212351.2212354},
 acmid = {2212354},
 publisher = {VLDB Endowment},
}


@article{python3.5,
 author = {Python Software Foundation},
 title = {Python Language Reference, version 3.5},
 issue_date = {June 2015},
 month = jun,
 year = {2015},
 url = {http://www.python.org}
}

@article{scikit-learn,
 title={Scikit-learn: Machine Learning in {P}ython},
 author={Pedregosa, F. and Varoquaux, G. and Gramfort, A. and Michel, V.
         and Thirion, B. and Grisel, O. and Blondel, M. and Prettenhofer, P.
         and Weiss, R. and Dubourg, V. and Vanderplas, J. and Passos, A. and
         Cournapeau, D. and Brucher, M. and Perrot, M. and Duchesnay, E.},
 journal={Journal of Machine Learning Research},
 volume={12},
 pages={2825--2830},
 year={2011}
}

@book{breiman-cart84,
  author        = {L. Breiman and J. Friedman and R. Olshen and C. Stone},
  title         = {{Classification and Regression Trees}},
  publisher     = {Wadsworth and Brooks},
  address       = {Monterey, CA},
  year          = {1984},
  remarks       = {cited in \cite{cslu:esca98mm,cslu:icslp98cronk,cstr:unitsel97} for CART, clustering, and decision trees}
}


@article{breiman-statisticalmodeling,
    author = {Leo Breiman},
    title = {Statistical modeling: The two cultures},
    journal = {Statistical Science},
    year = {2001}
}

@article{breiman-randomforests,
author="Breiman, Leo",
title="Random Forests",
journal="Machine Learning",
year="2001",
volume="45",
number="1",
pages="5--32",
issn="1573-0565",
doi="10.1023/A:1010933404324",
url="http://dx.doi.org/10.1023/A:1010933404324"
}

@article{breiman-arcingclassifiers,
  author = {Breiman, L.},
  journal = {ANNALS OF STATISTICS},
  keywords = {machine_learning},
  pages = {801--823},
  publisher = {IMS INSTITUTE OF MATHEMATICAL STATISTICS},
  title = {{Arcing classifiers}},
  volume = 26,
  year = 1998
}

@article{friedman-gradientBoosting2001,
author = "Friedman, Jerome H.",
doi = "10.1214/aos/1013203451",
fjournal = "The Annals of Statistics",
journal = "Ann. Statist.",
month = "10",
number = "5",
pages = "1189--1232",
publisher = "The Institute of Mathematical Statistics",
title = "Greedy function approximation: A gradient boosting
       machine.",
url = "http://dx.doi.org/10.1214/aos/1013203451",
volume = "29",
year = "2001"
}




@book{Mitchell-MLearning,
  title = {{Machine Learning}},
  author = {Mitchell, T.},
  keywords = {ml statistics},
  publisher = {McGraw Hill},
  pages = {2--2},
  year = {1997},
  ISBN = {0-07-042807-7}
}



@article{decisionTreesNP,
  title = {{Constructing Optimal Binary Decision Trees is NP-complete}},
  author = {L Hyafil, and R. L. Rivest},
  journal = {Information Processing Letters},
  volume = {5},
  number = {1},
  pages = {15-17},
  year = {1976},
  publisher = {Elsevier},
}

@article{HoFirstRandomForest,
    title = {{Random Decision Forests}},
    author = {T Hoe},
    booktitle = {Proceedings of the Third International Conference on Document Analysis and Recognition (Volume 1) - Volume 1},
    series = {ICDAR '95},
    year = {1995},
    isbn = {0-8186-7128-9},
    pages = {278--},
    url = {http://dl.acm.org/citation.cfm?id=844379.844681},
    publisher = {IEEE Computer Society},

}

@Article{james-biasVarianceGeneral,
author="James, Gareth M.",
title="Variance and Bias for General Loss Functions",
journal="Machine Learning",
year="2003",
volume="51",
number="2",
pages="115--135",
issn="1573-0565",
doi="10.1023/A:1022899518027",
url="http://dx.doi.org/10.1023/A:1022899518027"
}


@article{dworkFeldman-adaptiveDataAnalysis2015,
  author    = {Dwork C. and Feldman V. and Hardt M. and Pitassi T. and Reingold O. and Roth },
  title     = {Generalization in Adaptive Data Analysis and Holdout Reuse},
  journal   = {CoRR},
  volume    = {abs/1506.02629},
  year      = {2015},
  url       = {http://arxiv.org/abs/1506.02629},
  timestamp = {Wed, 07 Jun 2017 14:42:33 +0200},
  biburl    = {http://dblp.uni-trier.de/rec/bib/journals/corr/DworkFHPRR15},
  bibsource = {dblp computer science bibliography, http://dblp.org}
}


@book{vapnik-nature2000,
  title={{The Nature of Statistical Learning Theory}},
  author={Vapnik, V.},
  isbn={9781475732641},
  lccn={95024205},
  series={Information Science and Statistics},
  year={2000},
  publisher={Springer New York}
}


@book{cherkassky-learning2007,
   title = "Learning from data : concepts, theory, and methods",
   author = "Cherkassky, Vladimir S. and Mulier, Filip",
   publisher = "Hoboken, N.J. John Wiley",
   isbn = "978-0-471-68182-3",
   year = 2007
}


@article{bengio-unbiasedCvEstimator,
  author    = {Yoshua Bengio and Yves Grandvalet},
  title     = {{No Unbiased Estimator of the Variance of K-Fold Cross-Validation}},
  journal   = {Journal of Machine Learning Research},
  volume    = {5},
  pages     = {1089--1105},
  year      = {2004},
  url       = {http://www.jmlr.org/papers/volume5/grandvalet04a/grandvalet04a.pdf},
  biburl    = {http://dblp.uni-trier.de/rec/bib/journals/jmlr/BengioG04},
}


@article{mason-rocAucRelationship,
  author    = {S. J. Mason, N. E. Graham},
  title     = {{Areas beneath the relative operating characteristics (ROC) and relative operating levels (ROL) curves: Statistical significance and interpretation}},
  journal   = {Q.J.R. Meteorol. Soc.},
  volume    = {128},
  number     = {584},
  year      = {2002},
  pages     = {2145-2166},
  doi    = {10.1256/003590002320603584},
}


@article{schapire-adaBoost,
  author =       {Freund, Yoav and Schapire, Robert E.},
  title =        {{Experiments with a New Boosting Algorithm}},
  booktitle =    {Proceedings of the Thirteenth International Conference on Machine Learning (ICML 1996)},
  year =         {1996},
  ISBN =         {1-55860-419-7},
  editor =    {Saitta, Lorenza},
  publisher = {Morgan Kaufmann},
  pages =     {148-156},
}


% epidemiological/biological citations

@article{carabarin2013chagas,
  title={Chagas disease (American trypanosomiasis) in {M}exico: an update},
  author={Carabarin-Lima, Alejandro and Gonz{a}lez-V{a}zquez, Mar{i}a Cristina and Rodr{i}guez-Morales, Olivia and Bayl{o}n-Pacheco, Lidia and Rosales-Encina, Jos{e} Luis and Reyes-L{o}pez, Pedro Antonio and Arce-Fonseca, Minerva},
  journal={Acta tropica},
  volume={127},
  number={2},
  pages={126--135},
  year={2013},
  publisher={Elsevier}
}


@article{dumonteil1999update,
  title={Update on {C}hagas' disease in {M}exico},
  author={Dumonteil, Eric},
  journal={Salud p{u}blica de M{e}xico},
  volume={41},
  number={4},
  pages={322--327},
  year={1999},
  publisher={SciELO Public Health}
}


@article{guzman2001epidemiology,
  title={Epidemiology of {C}hagas disease in {M}exico: an update},
  author={Guzm{a}n-Bracho, Carmen},
  journal={TRENDS in Parasitology},
  volume={17},
  number={8},
  pages={372--376},
  year={2001},
  publisher={Elsevier}
}


@incollection{hotez2013innovation,
  title={Innovation for the ‘bottom 100 million’: eliminating neglected tropical diseases in the {A}mericas},
  author={Hotez, Peter J and Dumonteil, Eric and Heffernan, Michael J and Bottazzi, Maria E},
  booktitle={Hot Topics in Infection and Immunity in Children IX},
  pages={1--12},
  year={2013},
  publisher={Springer}
}

@article{manne2013barriers,
  title={Barriers to treatment access for {C}hagas disease in {M}exico},
  author={Manne, Jennifer M and Snively, Callae S and Ramsey, Janine M and Salgado, Marco Ocampo and B{a}rnighausen, Till and Reich, Michael R},
  journal={PLoS Negl Trop Dis},
  volume={7},
  number={10},
  pages={e2488},
  year={2013},
  publisher={Public Library of Science}
}

@article{hotez2012texas,
  title={{Texas} and {Mexico}: sharing a legacy of poverty and neglected tropical diseases},
  author={Hotez, Peter J and Bottazzi, Maria Elena and Dumonteil, Eric and Valenzuela, Jesus G and Kamhawi, Shaden and Ortega, Jaime and de Leon Rosales, Samuel Ponce and Cravioto, Miguel Betancourt and Tapia-Conyer, Roberto},
  journal={PLoS Negl Trop Dis},
  volume={6},
  number={3},
  pages={e1497},
  year={2012},
  publisher={Public Library of Science}
}



@article{hotez2013unfolding,
  title={An unfolding tragedy of Chagas disease in North America},
  author={Hotez, Peter J and Dumonteil, Eric and Cravioto, Miguel Betancourt and Bottazzi, Maria Elena and Tapia-Conyer, Roberto and Meymandi, Sheba and Karunakara, Unni and Ribeiro, Isabela and Cohen, Rachel M and Pecoul, Bernard},
  journal={PLoS Negl Trop Dis},
  volume={7},
  number={10},
  pages={e2300},
  year={2013},
  publisher={Public Library of Science}
}

@article{navarro2012chagas,
  title={Chagas disease in Spain: need for further public health measures},
  author={Navarro, Miriam and Navaza, B{a}rbara and Guionnet, Anne and L{o}pez-V{e}lez, Rogelio},
  journal={PLoS Negl Trop Dis},
  volume={6},
  number={12},
  pages={e1962},
  year={2012},
  publisher={Public Library of Science}
}



@article{wesolowski2015impact,
  title={Impact of human mobility on the emergence of dengue epidemics in {P}akistan},
  author={Wesolowski, Amy and Qureshi, Taimur and Boni, Maciej F and Sunds{o}y, P{aa}l Roe and Johansson, Michael A and Rasheed, Syed Basit and Eng{o}-Monsen, Kenth and Buckee, Caroline O},
  journal={Proceedings of the National Academy of Sciences},
  volume={112},
  number={38},
  pages={11887--11892},
  year={2015},
  publisher={National Acad Sciences}
}


@article{briceno2009chagas,
  title = {{Chagas disease in the Americas: an ecohealth perspective}},
  author = {Brice{\~n}o-Le{o}n, Roberto},
  journal = {Cadernos de Sa{u}de P{u}blica},
  volume = {25},
  pages = {S71--S82},
  year = {2009},
  publisher = {SciELO Brasil},
}


@article{chunara2013large,
  title = {{Large-scale Measurements of Network Topology and Disease Spread: A Pilot Evaluation Using Mobile Phone Data in Cote d’Ivoire}},
  author = {Chunara, R and Nsoesie, EO},
  journal = {NetMob D4D Challenge},
  pages = {1--18},
  year = {2013},
}

@article{enns2013human,
  title = {{Human Mobility and Communication Patterns in Cote d’Ivoire: A Network Perspective for Malaria Control}},
  author = {Enns, E and Amuasi, J},
  journal = {NetMob D4D Challenge},
  pages = {1--14},
  year = {2013},
}



@article{OPS2006chagas,
  title = {{Estimacion Cuantitiva de la Enfermedad del Chagas en las Americas}},
  author = {OPS},
  journal = {Organizacion Panamericana de la Salud/HDM/CD},
  volume = {425-06},
  pages = {1--6},
  year = {2006},
  publisher = {OPS},
}


@article{OPS2014mapa,
  title = {{Mapa de Transmision vectorial del Mal de Chagas}},
  author = {OPS},
  journal = {Organizacion Panamericana de la Salud},
  year = {2014},
  publisher = {OPS},
}




@article{cruz2006chagmex,
  title={{Chagas disease in Mexico: an analysis of geographical distribution during the past 76 years-A review}},
  author={Cruz-Reyes, A and Pickering-L{o}pez, Jos{e} M},
  journal={Memorias do Instituto Oswaldo Cruz},
  volume={101},
  number={4},
  pages={345--354},
  year={2006},
  publisher={SciELO Brasil}
}



@phdthesis{naboulsi2015mobile,
  title = {{Mobile traffic analysis: a survey}},
  author = {Naboulsi, Diala and Fiore, Marco and Ribot, Stephane and Stanica, Razvan},
  year = {2015},
  school = {Universit{e} de Lyon; INRIA Grenoble-Rh{\^o}ne-Alpes; INSA Lyon; CNR-IEIIT},
}



@article{rassi2012american,
  title = {{American trypanosomiasis (Chagas disease)}},
  author = {Rassi, Anis and de Rezende, Joffre Marcondes},
  journal = {Infectious disease clinics of North America},
  volume = {26},
  number = {2},
  pages = {275--291},
  year = {2012},
  publisher = {Elsevier},
}



@article{schmunis2010chagas,
  title = {{Chagas disease: a Latin American health problem becoming a world health problem}},
  author = {Schmunis, Gabriel A and Yadon, Zaida E},
  journal = {Acta tropica},
  volume = {115},
  number = {1},
  pages = {14--21},
  year = {2010},
  publisher = {Elsevier},
}


@article{tizzoni2014use,
  title = {{On the use of human mobility proxies for modeling epidemics}},
  author = {Tizzoni, Michele and Bajardi, Paolo and Decuyper, Adeline and King, Guillaume Kon Kam and Schneider, Christian M and Blondel, Vincent and Smoreda, Zbigniew and Gonz{a}lez, Marta C and Colizza, Vittoria},
  journal = {PLoS Comput Biol},
  volume = {10},
  number = {7},
  pages = {e1003716},
  year = {2014},
  publisher = {Public Library of Science},
}


@article{wesolowski2012quantifying,
  title = {{Quantifying the impact of human mobility on malaria}},
  author = {Wesolowski, Amy and Eagle, Nathan and Tatem, Andrew J and Smith, David L and Noor, Abdisalan M and Snow, Robert W and Buckee, Caroline O},
  journal = {Science},
  volume = {338},
  number = {6104},
  pages = {267--270},
  year = {2012},
  publisher = {American Association for the Advancement of Science},
}


@article{who2016,
  title = {{Chagas disease (American trypanosomiasis)}},
  author = {WHO},
  journal = {{World Health Organization} Fact sheets},
  year = {2016},
  url = {http://www.who.int/mediacentre/factsheets/fs340/en/},
  urldate = {2016-05-09},
}


@misc{plan_nacional_chagas,
  author = {Ministerio de Salud Argentina},
  title = {{Plan Nacional de Chagas}},
  url = {http://www.msal.gob.ar/chagas/},
  year = {2016},
  note = {[Online, accessed 9-may-2016]},
}


@inproceedings{deMonasterio-analyzingSpread,
  doi = {10.1109/asonam.2016.7752298},
  url = {https://doi.org/10.1109%2Fasonam.2016.7752298},
  year = {2016},
  month = {aug},
  publisher = {{IEEE}},
  author = {Juan de Monasterio and Alejo Salles and Carolina Lang and Diego Weinberg and Martin Minnoni and Matias Travizano and Carlos Sarraute},
  title = {Analyzing the spread of {{C}}hagas disease with mobile phone data},
  booktitle = {2016 {IEEE}/{ACM} International Conference on Advances in Social Networks Analysis and Mining ({ASONAM})}
  },


% mobile phone records and mobility

@misc{netmob,
  author = {NetMob},
  title = {{Main conference on the scientific analysis of mobile phone datasets}},
  url = {http://netmob.org/},
  year = {2016},
  note = {[Online, accessed 12-may-2016]},
}


@misc{d4d,
  author = {Orange D4D},
  title = {{Data for Development (D4D) Challenge}},
  url = {http://www.d4d.orange.com/},
  year = {2016},
  note = {[Online, accessed 12-may-2016]},
}


@article{ponieman2016mobility,
  title = {{Mobility and sociocultural events in mobile phone data records}},
  author = {Ponieman, Nicolas B and Sarraute, Carlos and Minnoni, Martin and Travizano, Matias and Rodriguez Zivic, Pablo and Salles, Alejo},
  journal = {AI Communications},
  volume = {29},
  number = {1},
  pages = {1--10},
  year = {2016},
  publisher = {IOS Press},
}


@inproceedings{sarraute2015socialevents,
  title = {{Social Events in a Time-Varying Mobile Phone Graph}},
  author = {Sarraute, Carlos and Brea, Jorge and Burroni, Javier and Wehmut, Klaus and Ziviani, Artur and Alvarez-Hamelin, Ignacio},
  booktitle = {Fourth International Conference on the Analysis of Mobile Phone Datasets (NetMob)},
  year = {2015},
}



@article{de2013unique,
  title = {{Unique in the crowd: The privacy bounds of human mobility}},
  author = {de Montjoye, Yves-Alexandre and Hidalgo, C{\'e}sar A and Verleysen, Michel and Blondel, Vincent D},
  journal = {Scientific reports},
  volume = {3},
  year = {2013},
  publisher = {Nature Publishing Group},
}



@inproceedings{oliveira2015measurement,
  title={Measurement-driven mobile data traffic modeling in a large metropolitan area},
  author={Oliveira, Eduardo Mucelli Rezende and Viana, Aline Carneiro and Naveen, Kolar Purushothama and Sarraute, Carlos},
  booktitle={Pervasive Computing and Communications (PerCom), 2015 IEEE International Conference on},
  pages={230--235},
  year={2015},
  organization={IEEE}
}



@article{Ponieman2015mobility,
	doi = {10.3233/aic-150687},
	url = {https://doi.org/10.3233%2Faic-150687},
	year = 2015,
	month = {sep},
	publisher = {{IOS} Press},
	volume = {29},
	number = {1},
	pages = {77--86},
	author = {Nicolas B. Ponieman and Carlos Sarraute and Martin Minnoni and Matias Travizano and Pablo Rodriguez Zivic and Alejo Salles},
	title = {Mobility and sociocultural events in mobile phone data records},
	journal = {{AI} Communications}
},

@article{sarraute2015inference,
 year={2015},
 journal={Social Network Analysis and Mining},
 eid={39},
 volume={5},
 number={1},
title={Inference of demographic attributes based on mobile phone usage patterns and social network topology},
 publisher={Springer Vienna},
 author={Sarraute, Carlos and Brea, Jorge and Burroni, Javier and Blanc, Pablo},
}

@inproceedings{brea2014harnessing,
 author = {Brea, Jorge and Burroni, Javier and Minnoni, Martin and Sarraute, Carlos},
 title = {Harnessing Mobile Phone Social Network Topology to Infer Users Demographic Attributes},
 booktitle = {SNAKDD'14: Proceedings of the 8th Workshop on Social Network Mining and Analysis},
 year = {2014},
 pages = {1--9},
 location = {New York, NY, USA},
 publisher = {ACM},
 address = {New York, NY, USA},
}


@inproceedings{cho2011friendship,
  title={Friendship and mobility: user movement in location-based social networks},
  author={Cho, Eunjoon and Myers, Seth A and Leskovec, Jure},
  booktitle={ACM SIGKDD},
  pages={1082--1090},
  year={2011},
  organization={ACM}
}

@article{csaji2012exploring,
  title={Exploring the mobility of mobile phone users},
  author={Cs{\'a}ji, Bal{\'a}zs Cs and Browet, Arnaud and Traag, VA and Delvenne, Jean-Charles and Huens, Etienne and Van Dooren, Paul and Smoreda, Zbigniew and Blondel, Vincent D},
  journal={Physica A: Statistical Mechanics and its Applications},
  year={2012},
  publisher={Elsevier}
}

@article{domenico2012interdependence,
  title={Interdependence and Predictability of Human Mobility and Social Interactions},
  author={De Domenico, Manlio and Lima, Antonio and Musolesi, Mirco},
  journal={Nokia Mobile Data Challenge Workshop},
  year={2012}
}


@article{gonzalez2008understanding,
  title={Understanding individual human mobility patterns},
  author={Gonzalez, Marta C and Hidalgo, Cesar A and Barabasi, Albert-Laszlo},
  journal={Nature},
  volume={453},
  number={7196},
  pages={779--782},
  year={2008},
  publisher={Nature Publishing Group}
}


@article{isaacman2011identifying,
  title={Identifying important places in people’s lives from cellular network data},
  author={Isaacman, Sibren and Becker, Richard and C{\'a}ceres, Ram{\'o}n and Kobourov, Stephen and Martonosi, Margaret and Rowland, James and Varshavsky, Alexander},
  journal={Pervasive Computing},
  pages={133--151},
  year={2011},
  publisher={Springer}
}

@article{jiang2012clustering,
  title={Clustering daily patterns of human activities in the city},
  author={Jiang, Shan and Ferreira, Joseph and Gonz{\'a}lez, Marta C},
  journal={Data Mining and Knowledge Discovery},
  pages={1--33},
  year={2012},
  publisher={Springer}
}

@article{lu2012predictability,
  title={Predictability of population displacement after the 2010 Haiti earthquake},
  author={Lu, Xin and Bengtsson, Linus and Holme, Petter},
  journal={Proceedings of the National Academy of Sciences},
  volume={109},
  number={29},
  pages={11576--11581},
  year={2012},
  publisher={National Academy Sciences}
}


@inproceedings{nguyen2012using,
  title={Using location-based social networks to validate human mobility and relationships models},
  author={Nguyen, Tommy and Szymanski, Boleslaw K},
  booktitle={Advances in Social Networks Analysis and Mining (ASONAM), 2012 IEEE/ACM International Conference on},
  pages={1215--1221},
  year={2012},
  organization={IEEE}
}


@article{song2010limits,
  title={Limits of predictability in human mobility},
  author={Song, Chaoming and Qu, Zehui and Blumm, Nicholas and Barab{\'a}si, Albert-L{\'a}szl{\'o}},
  journal={Science},
  volume={327},
  number={5968},
  pages={1018--1021},
  year={2010},
  publisher={American Association for the Advancement of Science}
}

@article{song2010modelling,
  title={Modelling the scaling properties of human mobility},
  author={Song, Chaoming and Koren, Tal and Wang, Pu and Barab{\'a}si, Albert-L{\'a}szl{\'o}},
  journal={Nature Physics},
  volume={6},
  number={10},
  pages={818--823},
  year={2010},
  publisher={Nature Publishing Group}
}


@inproceedings{wang2011human,
  title={Human mobility, social ties, and link prediction},
  author={Wang, Dashun and Pedreschi, Dino and Song, Chaoming and Giannotti, Fosca and Barabasi, Albert-Laszlo},
  booktitle={Proceedings of the 17th ACM SIGKDD international conference on Knowledge discovery and data mining},
  pages={1100--1108},
  year={2011},
  organization={ACM}
}

@article{wang2012understanding,
  title={Understanding road usage patterns in urban areas},
  author={Wang, Pu and Hunter, Timothy and Bayen, Alexandre M and Schechtner, Katja and Gonz{\'a}lez, Marta C},
  journal={Scientific reports},
  volume={2},
  year={2012},
  publisher={Nature Publishing Group}
}

@booklet{enmodo2010,
  title={{ENMODO} (2009-2010). {R}esultados de la Encuesta Origen Destino. {M}ovilidad en el Area Metropolitana de {B}uenos {A}ires},
  author={Secretaría de Transporte. Ministerio del Interior y Transporte.},
  year={2010}
}


@inproceedings{ponieman2013,
  title={Human Mobility and Predictability enriched by Social Phenomena Information},
  author={Nicolás Ponieman and Alejos Salles and Carlos Sarraute},
  booktitle={IEEE/ACM International Conference on Advances in Social Networks Analysis and Mining (ASONAM)},
  pages={1331-1336},
  year={2013},
  organization={IEEE}
}

@book{censo2010,
  author    = "{I}nstituto {N}acional de {E}stadística y {C}ensos ({INDEC})",
  title     = "{C}enso {N}acional de {P}oblación, {H}ogares y {V}iviendas 2010",
  publisher = "{INDEC}",
  volume   = "1",
  year      = "2010",
  month    = "October",
}

@inproceedings{anapolsky2014clatpu,
  title={Exploración y análisis de datos de telefonía celular para estudiar comportamientos de movilidad en la {C}iudad de {B}uenos {A}ires},
  author={Anapolsky, Sebasti\'an and Lang, Carolina and Ponieman, Nicol\'as and Sarraute, Carlos},
  booktitle={{XVIII} {CLATPU}, {C}ongreso {N}acional de {T}ransporte {P}\'ublico y {U}rbano},
  year={2014}
}



